@article{covid-air-1,
  title     = {The effect of door opening on air-mixing in a positively pressurized room: Implications for operating room air management during the COVID outbreak},
  author    = {Bhattacharya, Arup and Ghahramani, Ali and Mousavi, Ehsan},
  journal   = {Journal of Building Engineering},
  volume    = {44},
  pages     = {102900},
  year      = {2021},
  publisher = {Elsevier},
  doi       = {https://doi.org/10.1016/j.jobe.2021.102900}
}

@article{covid-air-2,
  title   = {Rethinking use of individual room air-conditioners in view of COVID 19},
  author  = {Singh, Raja and Dewan, Anil},
  journal = {Creative space},
  volume  = {8},
  number  = {1},
  pages   = {15--20},
  year    = {2020},
  doi     = {https://doi.org/10.15415/cs.2020.81002}
}

@online{smarty-website,
  title  = {SMA-RTY website},
  author = {SMA-RTY},
  note   = {[Accessed: Sept. 2025]},
  url    = {https://sma-rty.com/}
}

@online{calib-dist,
  title  = {Camera calibration},
  author = {OpenCV},
  note   = {[Accessed: Sept. 2025]},
  url    = {https://docs.opencv.org/4.x/dc/dbb/tutorial_py_calibration.html}
}

@online{aruco,
  title  = {Detection of ArUco Markers},
  author = {OpenCV},
  note   = {[Accessed: Sept. 2025]},
  url    = {https://docs.opencv.org/4.x/d5/dae/tutorial_aruco_detection.html}
}

@online{calib-intrinsics,
  title  = {Dissecting the Camera Matrix, Part 3: The Intrinsic Matrix},
  author = {Kyle Simek},
  note   = {[Accessed: Sept. 2025]},
  url    = {https://ksimek.github.io/2013/08/13/intrinsic/}
}

@online{calib-extrinsics,
  title  = {Camera Calibration | Uncalibrated Stereo},
  author = {Shree K. Nayar},
  note   = {[Accessed: Sept. 2025]},
  url    = {https://www.youtube.com/watch?v=S-UHiFsn-GI&list=PL2zRqk16wsdoCCLpou-dGo7QQNks1Ppzo}
}
